@inproceedings{varshavsky2005gsm,
  title={Are GSM phones THE solution for localization?},
  author={Varshavsky, Alex and Chen, Mike Y and de Lara, Eyal and Froehlich, Jon and Haehnel, Dirk and Hightower, Jeffrey and LaMarca, Anthony and Potter, Fred and Sohn, Timothy and Tang, Karen and others},
  booktitle={Mobile Computing Systems and Applications, 2006. WMCSA'06. Proceedings. 7th IEEE Workshop on},
  pages={34--42},
  year={2005},
  organization={IEEE}
}
@article{harle2013survey,
    author={Harle, Robert},
    journal={Communications Surveys Tutorials, IEEE},
    title={A Survey of Indoor Inertial Positioning Systems for Pedestrians},
    year={2013},
    month={Third},
    volume={15},
    number={3},
    pages={1281-1293},
    keywords={inertial navigation;particle filtering (numerical
        methods);position control;sensors;smart phones;target tracking;PDR
        sensing devices;PDR systems;Pedestrian Dead Reckoning;absolute position
        fixes;domain-specific knowledge;hybrid systems;indoor inertial
        positioning systems;indoor tracking;particle
        filters;smartphones;taxonomy;Dead
        reckoning;Legged locomotion;Navigation;Sensor systems;Wearable
        computers;Dead Reckoning;Inertial
        Navigation;Particle Filters;Wearable Computers},
    doi={10.1109/SURV.2012.121912.00075},
    ISSN={1553-877X},
}
@phdthesis{woodman2010pedestrian,
    title = {{Pedestrian Localisation for Indoor Environments}},
    author = {Oliver Woodman},
    year = {2010},
    month = sep, school = {University of Cambridge, Computer Laboratory},
    url = {https://www.cl.cam.ac.uk/research/dtg/www/files/publications/public/abr28/ojw28_thesis.pdf},
    owner = {Bogdan Roman (abr28)},
    note = {PhD Thesis}
}
@inproceedings{rai2012zee,
  title={Zee: zero-effort crowdsourcing for indoor localization},
  author={Rai, Anshul and Chintalapudi, Krishna Kant and Padmanabhan, Venkata N and Sen, Rijurekha},
  booktitle={Proceedings of the 18th annual international conference on Mobile computing and networking},
  pages={293--304},
  year={2012},
  organization={ACM}
}
@inproceedings{li2012reliable,
  title={A reliable and accurate indoor localization method using phone inertial sensors},
  author={Li, Fan and Zhao, Chunshui and Ding, Guanzhong and Gong, Jian and Liu, Chenxing and Zhao, Feng},
  booktitle={Proceedings of the 2012 ACM Conference on Ubiquitous Computing},
  pages={421--430},
  year={2012},
  organization={ACM}
}
@article{evennou2006advanced,
  title={Advanced integration of WiFi and inertial navigation systems for indoor mobile positioning},
  author={Evennou, Fr{\'e}d{\'e}ric and Marx, Fran{\c{c}}ois},
  journal={Eurasip journal on applied signal processing},
  volume={2006},
  pages={164--164},
  year={2006},
  publisher={Hindawi Publishing Corp.}
}
@book{groves2013principles,
  title={Principles of GNSS, inertial, and multisensor integrated navigation systems},
  author={Groves, Paul D},
  year={2013},
  publisher={Artech House}
}
@article{leppakoski2013pedestrian,
  title={Pedestrian navigation based on inertial sensors, indoor map, and WLAN signals},
  author={Lepp{\"a}koski, Helena and Collin, Jussi and Takala, Jarmo},
  journal={Journal of Signal Processing Systems},
  volume={71},
  number={3},
  pages={287--296},
  year={2013},
  publisher={Springer}
}
